2477 3684
157 238 237 299 et
305 223 660 299 custodit
704 281 718 297 .
803 224 926 301 Oh
963 243 1070 302 .te
1121 119 1358 303 >felix<
1404 230 1613 328 quod
1677 233 1957 307 merito
2013 233 2327 333 gloriari

153 330 383 429 possis
444 355 536 400 ex
596 328 1065 430 Principibus
1122 334 1270 409 illis
1330 362 1669 434 quorum
1729 337 2058 438 imperio
2145 367 2330 439 gens·

154 453 283 506 tua
331 433 584 532 paruit
614 436 919 511 fortasse
977 441 1754 516 neminem-extitisse
1794 442 1931 541 qui
1990 443 2135 517 hoc
2166 444 2331 521 lau--

152 538 265 610 dis
339 564 609 636 genere
692 569 846 616 non
906 545 1345 620 excelluerit
1407 547 1424 620 !
1512 547 1812 644 Ecquid
1891 549 2325 647 contingere

147 642 431 717 beatius
504 643 639 719 tibi
702 665 992 745 poterat
1053 677 1294 747 quam
1357 678 1400 723 a
1459 652 2036 752 religiosissimis
2105 656 2326 752 Regi-

145 746 284 822 bus
329 748 734 848 gubernari
775 752 810 824 Y
860 780 1132 828 eorum
1181 757 1389 830 enim
1432 757 1671 830 vitam
1718 758 1998 857 populi
2056 758 2334 833 haben-

147 871 250 927 tes
309 856 775 954 propositam
827 883 1497 960 communemque
1569 863 2162 960 quodammodo
2224 865 2330 937 le·-

141 983 320 1056 gem
389 959 901 1036 existimantes
939 1019 960 1056 ,
1017 993 1170 1038 non
1229 967 1470 1041 modo
1502 968 2055 1066 temporariam
2090 967 2322 1061 hane,

139 1064 268 1137 sed
331 1063 545 1141 illam
593 1068 842 1143 multo
905 1071 1502 1167 praestantiorem
1562 1074 1876 1168 quaein
1935 1071 2152 1145 beata
2214 1098 2327 1146 ae-²

140 1185 504 1266 ternaque
535 1170 686 1244 vita
730 1173 972 1269 posita
999 1192 1100 1246 est
1131 1175 1576 1249 felicitatem
1608 1176 1908 1251 facilius
1942 1175 2085 1249 sibi
2118 1202 2328 1250 com-

139 1292 504 1372 pararunt
540 1333 554 1348 .
595 1277 937 1351 Felicitas
991 1306 1168 1353 vero
1208 1280 1367 1354 ista
1397 1307 1644 1377 quam
1676 1283 1956 1358 exactis
1987 1300 2183 1356 retro
2214 1308 2327 1356 se-·-v

141 1377 331 1451 culis
385 1380 752 1478 perpetuo
796 1384 1167 1457 comitem
1201 1385 1523 1459 habuisti
1557 1441 1578 1477 ‚
1634 1414 1884 1487 neque
1942 1406 2013 1468 te
2043 1405 2325 1486 postrew

137 1482 284 1555 mis
323 1484 521 1557 hisce
567 1488 1039 1586 temporibus
1070 1489 1329 1588 pietati
1397 1493 1470 1563 &
1504 1492 1774 1566 virtuti
1798 1492 2312 1567 infensissimis

140 1588 549 1686 dereliquit
583 1649 597 1664 .
656 1598 878 1666 Nunc
908 1595 1142 1668 etiam
1176 1596 1460 1669 amoris
1524 1597 1764 1670 divini
1828 1599 2318 1697 praecipuum

140 1711 686 1791 argumentum
748 1697 973 1772 habes
1003 1699 1078 1773 in
1112 1708 1450 1800 Augusto
1484 1709 1685 1802 Rege
1746 1704 1878 1776 illo
1945 1704 2080 1801 qui
2127 1728 2314 1776 cum

135 1804 395 1896 Regno
428 1799 906 1899 ipso9MAR1AE
939 1804 1301 1904 pietatem
1331 1808 1805 1882 haereditario
1837 1807 1976 1881 sibi
2009 1809 2174 1903 jure
2206 1825 2315 1881 tot

136 1902 348 1976 nobis
381 1909 845 2002 argumentis
876 1935 950 1981 se
980 1912 1462 2009 acquisivisse
1497 1931 2051 1986 commonstrat
2086 1970 2099 1985 .
2135 1913 2275 1985 Sed
2297 1965 2319 2003 9

139 2034 625 2107 quamquam
660 2011 753 2085 de
781 2014 1343 2113 religiosissima
1382 2026 1618 2090 Matre
1651 2019 2036 2090 dicentem
2079 2016 2317 2115 piissi-

138 2113 251 2185 mi
286 2140 599 2213 quoque
627 2116 800 2189 Filii
830 2118 1093 2192 laudes
1141 2148 1293 2193 non
1353 2122 1711 2195 dedeceat
1754 2146 2317 2195 commemora-

137 2243 268 2310 re,
302 2244 486 2292 cum
521 2238 778 2295 tamen
811 2223 1129 2298 instituti
1195 2226 1348 2299 mei
1410 2227 1501 2299 sit
1562 2227 1654 2299 de
1687 2226 1850 2325 ipsa
1881 2227 2097 2323 loqui
2129 2280 2151 2317 ,
2218 2226 2318 2298 ad

138 2348 309 2396 cam
339 2331 382 2417 ,’
417 2326 625 2399 unde
655 2327 978 2425 digressa
1019 2348 1123 2403 est
1153 2383 1174 2422 9
1233 2331 1472 2404 oratio
1510 2358 1683 2404 mea
1742 2348 2156 2404 revertatur
2193 2388 2208 2403 .

333 2460 337 2461 ⁷
441 2431 812 2530 Josephus
897 2433 1132 2532 igitur
1200 2442 1254 2508 Ι.
1346 2435 1774 2509 Lusitaniae
1859 2442 2018 2507 Rex
2105 2436 2312 2507 diem

142 2532 430 2608 claudit
490 2552 977 2611 extremum.
1036 2549 1151 2614 Ex
1209 2541 1374 2639 lege
1435 2539 2023 2616 Lamecens'ibus
2054 2541 2318 2614 Comi-

139 2639 258 2712 tiis
327 2640 477 2714 lata
509 2649 790 2722 MARIAE
824 2645 980 2743 ejus
1010 2645 1211 2718 filiae
1243 2646 1646 2719 Lusitaniae
1679 2645 2049 2719 universae
2081 2645 2324 2744 impe-

138 2745 356 2818 randi
416 2745 584 2839 jura
646 2747 1138 2842 deferuntur‚
1177 2750 1370 2824 itaut
1430 2751 1545 2824 vir
1582 2750 1935 2849 quidem
2009 2750 2077 2823 ei
2140 2767 2320 2822 esset

143 2855 397 2923 Petrus
430 2855 555 2923 111.1
593 2906 616 2943 9
671 2859 829 2925 Rex.
869 2854 1226 2945 honoris9
1284 2856 1777 2954 conjugiique
1830 2855 2069 2951 gratia
2128 2882 2316 2928 nun-

146 2971 466 3052 cupatus
524 2955 603 3028 in
663 2959 965 3033 nullam
1053 2979 1312 3034 tamen
1395 2961 2067 3033 administrationis
2154 2961 2314 3053 ejus

143 3060 579 3141 societatem
638 3064 979 3144 veniret.
1049 3074 1159 3139 Ex
1223 3093 1310 3138 eo
1375 3084 1722 3163 tempore
1814 3063 2317 3164 patentiorem

150 3187 521 3262 campum
565 3172 1022 3252 exercendae
1053 3164 1350 3245 virtutis
1373 3197 1550 3244 suae
1582 3189 1799 3246 nacta
1831 3224 1852 3263 9
1908 3167 2103 3246 illud
2147 3187 2314 3241 ante
