2477 3684
203 244 483 329 Paretur
540 252 627 324 ii‘s
688 246 1048 324 omnibus
1112 147 1514 322 viitgtihus
1569 255 1973 329 eminuerit
2034 257 2392 355 quotidie

205 360 449 455 magis
478 408 499 445 9
559 356 767 428 unde
797 354 1517 454 spectatissimarum
1549 363 2065 434 Matronarum
2112 362 2376 434 lauda-

205 463 309 533 tio
372 460 554 533 duci
615 460 799 533 solet
830 514 851 550 9
899 485 1148 556 neque
1203 459 1285 530 in
1344 457 1455 529 his
1525 459 2003 538 immorabor-
2039 525 2053 538 .
2121 473 2375 555 Quare

205 566 416 660 quod
482 583 679 638 easta
711 619 732 656 9
785 565 998 662 quod
1062 563 1450 636 continens
1511 564 1736 639 fuerit
1765 621 1786 658 9
1846 571 2055 665 quod
2118 571 2379 643 mat-ri·-

201 669 448 741 monii
485 696 658 767 quae
689 668 1016 767 suscepit
1047 668 1299 740 officia
1364 694 1406 738 a
1465 695 1658 742 verae
1690 671 1987 769 pietatis
2027 674 2382 772 operibus

198 801 353 846 non
423 774 829 871 sejunxerit
859 826 881 864 9
939 774 1152 870 quod
1214 773 1293 845 in
1361 772 1706 846 filiorum
1764 777 2210 850 educatione
2283 780 2379 852 ad

199 878 688 952 Christianam
718 903 1082 952 normam
1115 877 1486 976 exigenda
1508 878 2081 977 diligentissime
2100 901 2381 956 versata-

198 981 290 1054 sit
321 1036 340 1074 9
363 984 574 1081 quod
608 1011 651 1057 a
681 982 1031 1075 vanitate9
1052 1010 1092 1055 a
1127 985 1345 1073 luxu9
1377 1008 1419 1052 a
1451 986 1758 1083 pompis
1790 986 2189 1061 abhorrens
2223 1014 2381 1059 eoe-

199 1086 408 1159 lestia
440 1114 597 1186 prae
631 1088 913 1161 caeteris
974 1087 1336 1160 omnibus
1376 1088 1849 1163 adamaverit
1879 1145 1902 1183 9
1959 1093 2169 1190 quod
2239 1093 2381 1164 fre-

204 1218 439 1287 quens
470 1193 550 1264 in
583 1193 918 1292 Templis
949 1219 1134 1264 eum
1167 1192 1510 1291 piissimo
1542 1196 1881 1293 Conjuge
1912 1196 2378 1288 con-veniret9

195 1296 490 1369 silentio
524 1297 924 1395 praeteribo
964 1354 978 1369 .
1011 1299 1334 1369 Festinat
1366 1296 1576 1368 enim
1610 1300 1914 1372 animus
1949 1303 2043 1372 ad
2077 1328 2161 1373 ea
2195 1319 2378 1373 tem-

194 1426 383 1498 pora
415 1425 757 1498 gressum
787 1403 1033 1474 faeere
1067 1399 1344 1498 quibus
1377 1400 1473 1471 ad
1507 1400 1933 1499 imperium
1968 1422 2222 1476 evecta
2252 1458 2272 1495 9
2303 1407 2379 1477 ὅξ-

196 1530 353 1601 quo
388 1506 634 1603 magis
668 1507 873 1578 edito
909 1507 982 1579 ἃ
1015 1504 1286 1581 illustri
1319 1505 1497 1576 loco.
1524 1506 1767 1602 posita
1802 1534 1888 1580 eo
1926 1508 2198 1607 majori
2231 1509 2377 1583 vir-

193 1625 314 1680 tus
375 1610 537 1707 ejus
593 1611 930 1684 claritate
963 1637 1049 1681 ac
1078 1610 1481 1709 splendore
1541 1609 2019 1686 circumdata
2051 1668 2074 1705 9
2127 1613 2385 1686 omni--

191 1740 492 1811 umque
524 1716 767 1788 oculis
802 1716 1067 1815 palam
1101 1714 1391 1812 objecta
1419 1713 1563 1786 fuit
1591 1769 1614 1806 9
1647 1734 1752 1807 ut9
1786 1718 2180 1791 actionum
2210 1745 2382 1791 sua-

191 1845 373 1893 rum
407 1837 618 1893 testes
658 1839 885 1918 atque
917 1821 1406 1894 aestimatores
1437 1818 1738 1894 haberet
1771 1823 2152 1896 universos
2182 1877 2203 1913 9
2240 1822 2375 1919 qui

192 1924 259 1994 ei
294 1924 657 2022 parebant
688 1980 709 2017 9
744 1926 1146 1998 Lusitaniae
1180 1925 1374 1996 cives
1407 1943 1475 1996 et
1508 1923 1790 1997 incolas
1827 1983 1840 1998 .
1901 1933 2116 2016 Quae
2164 1926 2373 1999 enim

193 2053 453 2103 rerum
518 2031 838 2101 domina
873 2056 1058 2100 cum
1097 2046 1273 2100 esset
1320 2028 1613 2124 pietatis
1641 2054 1794 2100 suae
1824 2030 2172 2129 praebuit
2211 2056 2374 2129 spe-

195 2131 481 2203 eimina
541 2150 706 2205 tam
770 2133 1095 2205 illustria
1152 2151 1323 2203 sunt
1354 2184 1374 2221 9
1425 2150 1507 2203 ut
1568 2133 1863 2207 etiamsi
1923 2134 2217 2232 reliqua
2276 2153 2375 2206 ta-

195 2255 507 2307 ceantur
537 2291 558 2327 9
594 2264 750 2334 qua
809 2237 1194 2334 religionis
1253 2236 1484 2309 laude
1543 2235 1622 2307 in
1684 2239 1974 2335 privata
2021 2240 2172 2312 vita
2237 2266 2377 2314 sua

192 2341 618 2439 praestiterit
650 2343 820 2415 satis
850 2368 1233 2440 superque
1286 2360 1888 2417 commonstrant
1925 2403 1948 2419 .,

405 2445 529 2520 Oh
592 2447 775 2520 felix
836 2472 923 2520 ac
969 2473 1140 2519 vere
1179 2446 1491 2520 beatum
1529 2448 1936 2521 Lusitaniae
1965 2455 2310 2548 Regnum
2352 2454 2369 2525 !

192 2549 427 2621 Pietas
460 2549 667 2623 enim
701 2569 1020 2625 tuorum
1055 2558 1354 2649 Regum
1383 2605 1405 2640 9
1466 2569 1549 2624 ut
1583 2552 1805 2625 omni·
1835 2579 2016 2627 cum
2065 2555 2373 2629 veritate

194 2654 346 2725 dici
384 2655 478 2726 de
507 2674 578 2728 te
607 2682 821 2754 posse
853 2657 1261 2730 affirmavit
1292 2657 1738 2731 Benedictus
1772 2666 1969 2757 Papa
2000 2663 2198 2731 XIV.
2270 2661 2366 2761 (*)

192 2758 394 2829 illud
420 2760 827 2855 fundavit
847 2819 875 2853 9
931 2764 1130 2836 haec
1200 2764 1628 2863 ampliavit
1658 2818 1685 2853 9
1745 2763 1942 2836 llaec
2000 2764 2112 2836 ad
2165 2791 2368 2839 snm-

193 2889 413 2936 mam
460 2866 775 2961 gloriae
834 2895 933 2942 ac
995 2867 1261 2940 laudis
1334 2870 1972 2969 magnitudinem
2034 2872 2308 2943 evexit
2336 2927 2364 2962 9

191 2967 389 3040 llaec
451 2972 535 3041 in
597 2996 690 3044 ea
750 2973 1284 3074 ampla-adine
1335 3000 1496 3071 qua
1539 2997 1751 3045 nunc
1782 2974 2053 3070 floret
2093 2990 2365 3051 servat

343 3218 435 3283 (U
479 3216 555 3272 In
576 3217 758 3272 Bulla
789 3217 1141 3276 Gcznomfzat.
1170 3221 1241 3275 B.
1273 3221 1577 3277 Elisabeth
1619 3219 1941 3275 susitanor.
1966 3222 2238 3295 Reginae
2273 3261 2286 3276 .

1541 3295 1667 3369 123
