2477 3684
1169 109 1268 182 30
1393 148 1395 153 r

138 233 327 305 gum
361 208 436 277 &
467 210 770 281 fortasse
803 208 1034 283 etiam
1067 103 1480 288 1)nolest(um
1513 235 1754 315 posset
1786 219 2168 296 accidere:
2201 239 2299 296 te-

135 333 325 385 stem
371 312 1005 409 peritissimorum
1073 318 1489 394 hominum
1551 340 1829 397 caetum
1872 380 1905 416 9.
1958 352 2333 424 quorum·

139 436 292 489 erat
325 417 618 490 assidue
648 419 1031 518 inquirere
1089 424 1165 494 &
1201 425 1506 498 solerter
1538 430 1961 525 expendere
1994 484 2029 520 92
2079 432 2206 529 qui
2219 433 2304 504 d-

142 522 334 620 quid*
380 542 829 598 mercaturae
876 529 1380 625 provehendae
1442 532 1801 630 expedire
1857 534 2301 630 videretur9

140 654 374 724 quem
410 629 729 727 quidem
763 649 1043 706 caetum
1079 689 1106 724 9
1164 654 1248 707 ut
1309 636 1633 709 adaucta
1689 640 1843 735 ejus
1904 642 2304 713 auctoritas

142 733 391 831 >Regiae
425 735 832 808 voluntatis
871 740 1258 837 proposito
1324 742 1567 839 magis
1610 746 2089 842 responderet
2122 801 2148 835 9
2207 748 2304 819 ad

146 838 593 936 dignitatem
629 841 1052 915 Tribunalis
1093 845 1305 943 Regii
1339 847 1585 919 evexit
1631 906 1643 919 .
1704 855 1943 921 Testes
1977 852 2151 922 dem
2166 878 2304 923 um

142 945 673 1017 conventiones
734 946 897 1019 illas
959 966 1116 1021 tam
1156 976 1328 1047 quae
1364 976 1549 1023 cum
1580 954 1936 1026 Russiaco
1972 958 2303 1052 Imperio

142 1048 233 1120 de
263 1049 655 1147 proposito
690 1052 933 1124 neutri
967 1054 1163 1151 patri
1195 1056 1493 1128 favendi
1530 1112 1558 1146 9
1606 1058 1665 1130 si
1700 1060 1912 1155 quod
1944 1059 2134 1133 inter
2167 1067 2310 1133 Eu-

137 1179 345 1252 ropae
376 1172 627 1252 gentes
660 1157 1170 1231 exardesceret
1200 1158 1492 1231 bellum
1514 1163 1635 1249 9&
1666 1182 2095 1236 mercatura
2131 1165 2312 1238 dua-

141 1281 319 1330 rum
337 1259 685 1357 gentium
706 1262 1212 1335 concordibus
1231 1264 1508 1357 animis
1527 1268 2001 1366 expedienda
2019 1325 2046 1359 9
2067 1297 2307 1367 quarn

141 1390 314 1461 quae
345 1390 530 1436 cum
564 1366 995 1439 Galliarum
1028 1374 1229 1466 Rege
1259 1425 1285 1458 9
1335 1371 1434 1442 ad
1466 1374 2310 1447 asserendam‘subdito-

139 1494 318 1541 rum
354 1469 420 1541 ei
464 1488 984 1544 mercatorum
1044 1472 1468 1547 libertatem
1499 1475 1577 1548 in
1620 1478 2058 1551 Lusitanam
2097 1480 2311 1552 ditio-

142 1599 322 1648 nem
358 1575 929 1674 commigrandi
964 1632 991 1666 9
1051 1604 1290 1674 quam
1343 1606 1515 1677 quae
1563 1607 1748 1654 cum
1781 1583 2143 1656 Sardiniae
2173 1591 2312 1656 Re-

141 1706 234 1777 ge
273 1736 300 1769 9
360 1698 444 1751 ut
479 1680 863 1779 quidquid
928 1682 1268 1756 duorum
1303 1691 1744 1783 Regnorum
1794 1688 1990 1760 cives
2031 1689 2110 1760 in
2143 1690 2314 1762 alte-

144 1803 354 1857 rutro
388 1791 507 1857 vel
543 1785 732 1858 inter
781 1786 987 1859 vivos
1020 1844 1046 1877 9
1102 1790 1220 1861 vel
1269 1816 1493 1862 causa
1541 1792 1806 1865 mortis
1864 1811 2311 1868 testamento

143 1890 498 1962 cavissent
529 1943 555 1978 9
613 1891 852 1962 modo
888 1918 981 1963 ex
1010 1892 1302 1992 legibus
1331 1896 1486 1993 ejus
1518 1952 1543 1985 9
1602 1897 1682 1970 in
1716 1925 1869 1994 quo
1905 1898 2256 1997 degerent
2285 1957 2312 1990 9

145 1995 500 2067 cavissent
541 2051 567 2084 9
623 1996 947 2069 firmum
982 2015 1396 2096 ratumque
1438 2020 1615 2072 esset
1647 2058 1673 2091 9
1705 2021 2136 2100 opportune
2154 2060 2180 2096 9
2213 2030 2323 2079 sa-·

142 2101 429 2199 pienter
461 2156 488 2190 9
543 2099 1093 2200 salubriterque
1122 2104 1422 2176 sancitae
1453 2124 1625 2178 sunt
1663 2164 1676 2178 .

354 2211 446 2278 At
482 2205 766 2304 quaein
796 2207 1040 2279 solam
1082 2235 1237 2281 sue-e
1297 2209 1533 2307 gentis
1595 2210 2004 2284 utili-tatem
2047 2215 2144 2286 ad
2178 2214 2317 2288 im-

149 2309 462 2410 perium
504 2338 547 2384 a
576 2318 733 2385 Deo
768 2330 1108 2386 evectam
1142 2315 1365 2387 fuisse
1398 2370 1424 2404 9
1481 2339 1780 2414 semper
1808 2317 2066 2390 animo
2100 2345 2318 2418 repu-

149 2414 349 2487 tabat
382 2470 408 2504 9
465 2442 552 2488 eo
588 2417 1072 2513 cogitationes
1106 2445 1370 2492 omnes
1415 2447 1585 2493 suas
1627 2419 1988 2493 referebat
2019 2441 2104 2496 ut
2138 2425 2319 2498 divi-

144 2549 243 2593 no
277 2520 461 2592 huic
492 2520 805 2592 consilio
840 2578 866 2610 9
924 2524 1142 2595 omni
1177 2547 1679 2622 quacumque
1734 2544 1974 2622 posset
2023 2554 2115 2599 ex
2156 2555 2319 2628 par-

152 2644 222 2697 te
279 2625 761 2725 responderet
791 2652 815 2718 9
876 2653 1207 2724 eamque
1255 2629 1618 2728 Principis
1677 2630 1835 2700 vim
1901 2630 2321 2732 intelligens

152 2757 300 2802 esse
333 2785 358 2819 9
418 2747 502 2802 ut
562 2729 1004 2803 hominibus
1067 2786 1093 2821 9
1192 2733 1326 2829 qui
1388 2733 1734 2831 potestati
1782 2734 1939 2831 ejus
1996 2758 2260 2836 parent
2292 2766 2343 2830 9‘

157 2834 638 2933 disciplinam
728 2834 1035 2907 vivendi
1104 2837 1536 2935 praescribat
1596 2894 1622 2928 9
1682 2865 1880 2935 quae
1975 2839 2321 2917 facienda

155 2957 324 3012 sunt
395 2939 653 3036 jubeat
695 2996 720 3029 9
806 2939 1359 3039 probibeatque
1420 2942 1795 3016 contraria
1857 3000 1883 3034 9
1940 2948 2070 3019 has
2142 2976 2324 3046 quo-

159 3070 308 3140 que
378 3045 792 3142 explendas
857 3063 1100 3143 partes
1157 3074 1201 3119 a
1255 3074 1334 3119 se
1392 3073 1540 3120 esse
1593 3047 2003 3145 judicavit.
2064 3059 2146 3124 In
2216 3055 2364 3142 le-⁴

159 3173 282 3245 ges
340 3167 737 3246 propterea
772 3205 799 3238 9
858 3150 1064 3222 unde
1123 3177 1441 3224 omnem
1512 3152 1834 3226 vivendi?
1889 3156 2318 3230 doctrinam
