2477 3684
1116 111 1402 213 )-13(

173 249 243 297 a
285 227 443 302 Deo
505 215 608 292 in
640 214 912 316 primis
964 216 1241 290 tradita
1296 236 1524 314 atque
1580 214 1993 290 commissa
2049 232 2185 290 est:
2243 215 2353 315 ip-

171 352 253 403 sa
337 325 546 424 enim
630 320 925 437 Religio
1009 321 1085 392 &
1167 326 1579 396 Sacrorum
1637 319 1946 411 cultus,
2029 320 2089 394 si
2156 346 2352 422 pure

169 434 613 528 integreque
695 425 778 498 in
875 432 1156 523 Regno
1222 445 1357 500 aut
1466 423 1787 498 Natione
1871 424 2132 522 aliqua
2213 450 2354 499 ser-

167 553 385 610 vetur
423 586 445 626 ,
500 531 832 632 populos
885 530 965 603 in
1021 530 1173 606 fide
1230 549 1460 647 atque
1514 527 1594 602 in
1651 528 1903 602 officio
1971 529 2364 621 continet,

166 667 446 756 pacem
502 628 1161 754 concordiamque
1203 663 1391 713 cum
1432 635 1629 707 intra
1670 632 2003 709 Urbium
2050 634 2352 750 maenia,

166 763 340 819 tum
396 745 589 816 inter
645 740 978 840 privatos
1029 742 1232 864 ipsos
1291 740 1606 862 parietes
1660 737 1935 832 nutrit·
1993 756 2252 811 contra
2292 738 2352 810 si

167 877 210 923 a
252 849 397 948 piis
437 844 968 943 veteribusque
1022 848 1376 925 institutis
1426 845 1856 935 rece-datur,
1909 841 2202 916 sublata
2237 849 2353 915 Sa-

166 978 482 1028 crorum
513 952 926 1028 reverentia
958 955 1503 1054 perturbantur
1534 948 1833 1041 omnia,
1864 949 1938 1020 &
1968 947 2351 1048 paulatim

165 1086 209 1132 a
251 1054 918 1157 disceptationibus
974 1055 1742 1152 contentionibusque
1801 1054 1899 1128 ad
1958 1078 2173 1127 arma
2232 1052 2351 1124 de·

164 1161 801 1258 scenditur5quod
836 1165 1139 1240 utinam
1172 1193 1325 1240 non
1360 1159 1870 1238 funestissimo
1904 1157 2349 1256 experti,vel

163 1268 430 1342 nostris
470 1267 671 1338 hisce
709 1270 1218 1369 temporibus,
1266 1291 1638 1357 essemUS,
1696 1263 2094 1362 exemplo!
2153 1267 2347 1350 Quae

166 1399 352 1446 cum
409 1369 859 1468 intelligeret
889 1382 1117 1450 MAmA
1153 1430 1175 1467 ,
1234 1388 1792 1487 proptereaque
1849 1367 2344 1467 populorum

156 1502 483 1555 suorum
543 1474 988 1552 felicitatem
1046 1506 1198 1552 non
1254 1497 1416 1552 tam
1473 1503 1551 1548 111
1609 1472 1885 1589 opibus
1939 1473 2013 1543 &
2047 1469 2349 1544 affluen

160 1583 264 1654 tia
319 1606 583 1655 rerum
643 1580 1150 1682 militumque
1192 1583 1518 1700 delectU,
1552 1604 1792 1677 quam
1824 1577 1904 1650 in
1943 1575 2220 1648 virtute
2263 1601 2349 1646 ac

155 1687 521 1785 religione
564 1686 1020 1781 collocaret
1061 1688 1454 1788 praecipue
1491 1685 1572 1758 in
1615 1709 1703 1756 ea
1742 1710 1823 1757 re
1863 1706 2136 1755 curam
2165 1705 2352 1754 sem-

154 1817 290 1891 per
331 1816 482 1866 esse
522 1791 813 1864 censuit
868 1742 1394 1868 adliibendam
1436 1845 1458 1883 ,
1523 1807 1611 1862 ut
1653 1788 2067 1887 antiquum
2111 1784 2192 1859 in
2233 1791 2351 1859 Sa-

155 1896 297 1970 cris
353 1895 716 1970 faciendis
759 1897 1172 1991 honorem,
1214 1898 1677 1992 cultumque
1718 1893 2068 1971 debitum
2110 1907 2351 1963 custo—

155 2001 382 2092 diret,
439 2018 524 2074 ut
581 2002 948 2098 pietatem
1003 2005 1085 2078 in
1144 2012 1439 2092 Deum,
1493 1996 1997 2072 reverentiam
2052 1995 2134 2068 in
2190 1994 2358 2069 Cle-

152 2131 331 2179 rum
391 2103 786 2202 bonosque
843 2132 1095 2182 mores
1146 2133 1282 2204 pro
1339 2103 1626 2179 viribus
1681 2117 2201 2202 promoveret,
2260 2117 2345 2171 ut

153 2209 420 2291 omnia
477 2209 810 2307 denique
863 2238 1002 2285 sua
1059 2210 1294 2302 dicta,
1352 2210 1550 2281 facta
1590 2209 1665 2279 &
1715 2206 2042 2305 cogitata
2083 2204 2178 2277 ad
2213 2209 2346 2277 Ca-

153 2314 455 2387 tholicae
511 2314 924 2413 Religionis
980 2316 1211 2389 decus
1259 2317 1333 2387 &
1386 2311 1988 2430 amplitudinem
2045 2333 2342 2382 revoca-

152 2436 293 2499 ret
352 2418 628 2494 Statim
686 2421 920 2537 igitur
977 2419 1070 2493 ab
1118 2437 1432 2519 accepto
1493 2416 1860 2517 imperiO,
1918 2414 2131 2514 quod
2185 2415 2344 2528 jam

152 2524 229 2601 in
290 2523 583 2622 privata
639 2527 792 2600 vita
846 2553 983 2599 sua
1037 2550 1446 2622 nunquam
1509 2550 1664 2596 non
1722 2538 2004 2620 egerat,
2060 2536 2146 2594 ut
2200 2545 2348 2618 pri-

154 2654 386 2708 mum
443 2629 538 2703 de
591 2629 814 2705 rebus
871 2657 1046 2730 quae
1114 2630 1574 2729 religionem
1627 2625 2109 2744 spectabant,
2166 2640 2339 2695 tum

157 2734 248 2813 de
305 2735 610 2809 terrenis
665 2736 1055 2835 cogitaret,
1112 2734 1428 2814 initium
1486 2730 1878 2832 regiminis
1922 2756 2037 2802 su1
2079 2728 2255 2809 fecit
2298 2755 2341 2800 a

157 2839 390 2910 domo
450 2840 619 2912 Dei.
678 2840 980 2915 Monitis
1038 2840 1328 2957 quippe
1368 2792 1710 2936 Josepohi
1726 2844 1775 2907 Ι.
1813 2834 2039 2908 Patris
2095 2832 2208 2905 sui
2252 2832 2339 2903 si-

156 2942 231 3014 bi
291 2942 688 3017 confestim
757 2944 1164 3045 propositis
1229 2970 1323 3018 ex
1387 2941 1856 3019 Antistitibus
1924 2963 2175 3011 unum
2246 2936 2338 3007 ab

160 3046 462 3119 Ecclesi
466 3076 486 3116 1
545 3074 678 3122 sua
711 3050 1021 3122 exulem
1069 3049 1148 3121 in
1188 3075 1411 3122 suam
1461 3045 1778 3123 restituit
1820 3045 2132 3127 Sedem,
2176 3043 2338 3140 plu-

156 3175 423 3250 1651116
480 3177 517 3224 6
581 3153 1005 3226 carceribus
1065 3152 1461 3226 mandavit
1539 3150 1828 3224 extrahi
1901 3155 2153 3231 Sacros
2212 3145 2340 3219 Mi-
